@book{lehmann1999elements,
  title={Elements of large-sample theory},
  author={Lehmann, Erich Leo},
  year={1999},
  publisher={Springer}
}
