@techreport{bengio2003learning,
  title={Learning eigenfunctions of similarity: linking spectral clustering and kernel PCA},
  author={Bengio, Yoshua and Vincent, Pascal and Paiement, Jean-Fran{\c{c}}ois and Delalleau, O and Ouimet, M and LeRoux, N},
  year={2003},
  institution={Technical Report 1232, Departement d’Informatique et Recherche Oprationnelle~…}
}

@article{ng2001spectral,
  title={On spectral clustering: Analysis and an algorithm},
  author={Ng, Andrew and Jordan, Michael and Weiss, Yair},
  journal={Advances in neural information processing systems},
  volume={14},
  year={2001}
}