@article{du2014analysis,
  title={Analysis of learning from positive and unlabeled data},
  author={Du Plessis, Marthinus C and Niu, Gang and Sugiyama, Masashi},
  journal={Advances in neural information processing systems},
  volume={27},
  year={2014}
}

@article{liu2016stein,
  title={Stein variational gradient descent: A general purpose bayesian inference algorithm},
  author={Liu, Qiang and Wang, Dilin},
  journal={Advances in neural information processing systems},
  volume={29},
  year={2016}
}
