@article{sparisty-increased-performance,
  title={Sparsity Enables 100x Performance
Acceleration in Deep Learning Networks},
  author={Numenta},
  journal={Numenta white paper},
  year={2021}
}

@inproceedings{gilra2018non,
  title={Non-linear motor control by local learning in spiking neural networks},
  author={Gilra, Aditya and Gerstner, Wulfram},
  booktitle={International Conference on Machine Learning},
  pages={1773--1782},
  year={2018},
  organization={PMLR}
}

@article{SchwarzJonathan-Powerpropagation,
  title={Powerpropagation: A sparsity inducing weight reparameterisation},
  author={Schwarz, Jonathan and Jayakumar, Siddhant M and Pascanu, Razvan and Latham, Peter E and Teh, Yee Whye},
  journal={arXiv preprint arXiv:2110.00296},
  year={2021}
}
@article{barth2012experimental,
  title={Experimental evidence for sparse firing in the neocortex},
  author={Barth, Alison L and Poulet, James FA},
  journal={Trends in neurosciences},
  volume={35},
  number={6},
  pages={345--355},
  year={2012},
  publisher={Elsevier}
}

@article{grewal2021going,
  title={Going Beyond the Point Neuron: Active Dendrites and Sparse Representations for Continual Learning},
  author={Grewal, K and Forest, J and Cohen, B and Ahmad, S},
  year={2021}
}

@inproceedings{finn2017model,
  title={Model-agnostic meta-learning for fast adaptation of deep networks},
  author={Finn, Chelsea and Abbeel, Pieter and Levine, Sergey},
  booktitle={International conference on machine learning},
  pages={1126--1135},
  year={2017},
  organization={PMLR}
}

@article{ermentrout1979mathematical,
  title={A mathematical theory of visual hallucination patterns},
  author={Ermentrout, G Bard and Cowan, Jack D},
  journal={Biological cybernetics},
  volume={34},
  number={3},
  pages={137--150},
  year={1979},
  publisher={Springer}
}

@article{french1999catastrophic,
  title={Catastrophic forgetting in connectionist networks},
  author={French, Robert M},
  journal={Trends in cognitive sciences},
  volume={3},
  number={4},
  pages={128--135},
  year={1999},
  publisher={Elsevier}
}

@article{lobo2020spiking,
  title={Spiking neural networks and online learning: An overview and perspectives},
  author={Lobo, Jesus L and Del Ser, Javier and Bifet, Albert and Kasabov, Nikola},
  journal={Neural Networks},
  volume={121},
  pages={88--100},
  year={2020},
  publisher={Elsevier}
}