% Refs on catastrophic forgetting
@article{ratcliff1990catastrophic,
  title={Connectionist models of recognition memory: constraints imposed by learning and forgetting functions.},
  author={Ratcliff, Roger},
  journal={Psychological review},
  volume={97},
  number={2},
  pages={285},
  year={1990},
  publisher={American Psychological Association}
}

@incollection{mccloskey1989catastrophic,
  title={Catastrophic interference in connectionist networks: The sequential learning problem},
  author={McCloskey, Michael and Cohen, Neal J},
  booktitle={Psychology of learning and motivation},
  volume={24},
  pages={109--165},
  year={1989},
  publisher={Elsevier}
}

@article{french1999catastrophic,
  title={Catastrophic forgetting in connectionist networks},
  author={French, Robert M},
  journal={Trends in cognitive sciences},
  volume={3},
  number={4},
  pages={128--135},
  year={1999},
  publisher={Elsevier}
}

@inproceedings{schak2019study,
  title={A study on catastrophic forgetting in deep LSTM networks},
  author={Schak, Monika and Gepperth, Alexander},
  booktitle={Artificial Neural Networks and Machine Learning--ICANN 2019: Deep Learning: 28th International Conference on Artificial Neural Networks, Munich, Germany, September 17--19, 2019, Proceedings, Part II 28},
  pages={714--728},
  year={2019},
  organization={Springer}
}

@inproceedings{arora2019does,
  title={Does an lstm forget more than a cnn? an empirical study of catastrophic forgetting in nlp},
  author={Arora, Gaurav and Rahimi, Afshin and Baldwin, Timothy},
  booktitle={Proceedings of the The 17th Annual Workshop of the Australasian Language Technology Association},
  pages={77--86},
  year={2019}
}

@article{sharkey1995analysis,
  title={An analysis of catastrophic interference.},
  author={Sharkey, Noel E and Sharkey, Amanda JC},
  journal={Connection Science},
  year={1995},
  publisher={Taylor \& Francis}
}

@article{kudugunta2019investigating,
  title={Investigating multilingual NMT representations at scale},
  author={Kudugunta, Sneha Reddy and Bapna, Ankur and Caswell, Isaac and Arivazhagan, Naveen and Firat, Orhan},
  journal={arXiv preprint arXiv:1909.02197},
  year={2019}
}

@article{toneva2018empirical,
  title={An empirical study of example forgetting during deep neural network learning},
  author={Toneva, Mariya and Sordoni, Alessandro and Combes, Remi Tachet des and Trischler, Adam and Bengio, Yoshua and Gordon, Geoffrey J},
  journal={arXiv preprint arXiv:1812.05159},
  year={2018}
}

@article{ramasesh2020anatomy,
  title={Anatomy of catastrophic forgetting: Hidden representations and task semantics},
  author={Ramasesh, Vinay V and Dyer, Ethan and Raghu, Maithra},
  journal={arXiv preprint arXiv:2007.07400},
  year={2020}
}

@inproceedings{kornblith2019similarity,
  title={Similarity of neural network representations revisited},
  author={Kornblith, Simon and Norouzi, Mohammad and Lee, Honglak and Hinton, Geoffrey},
  booktitle={International Conference on Machine Learning},
  pages={3519--3529},
  year={2019},
  organization={PMLR}
}

@article{raghu2017svcca,
  title={Svcca: Singular vector canonical correlation analysis for deep learning dynamics and interpretability},
  author={Raghu, Maithra and Gilmer, Justin and Yosinski, Jason and Sohl-Dickstein, Jascha},
  journal={Advances in neural information processing systems},
  volume={30},
  year={2017}
}

@inproceedings{rebuffi2017icarl,
  title={icarl: Incremental classifier and representation learning},
  author={Rebuffi, Sylvestre-Alvise and Kolesnikov, Alexander and Sperl, Georg and Lampert, Christoph H},
  booktitle={Proceedings of the IEEE conference on Computer Vision and Pattern Recognition},
  pages={2001--2010},
  year={2017}
}

@article{li2017learning,
  title={Learning without forgetting},
  author={Li, Zhizhong and Hoiem, Derek},
  journal={IEEE transactions on pattern analysis and machine intelligence},
  volume={40},
  number={12},
  pages={2935--2947},
  year={2017},
  publisher={IEEE}
}

@article{thai2021does,
  title={Does continual learning= catastrophic forgetting},
  author={Thai, Anh and Stojanov, Stefan and Rehg, Isaac and Rehg, James M},
  journal={arXiv preprint arXiv:2101.07295},
  year={2021}
}

@inproceedings{ramasesh2022effect,
  title={Effect of scale on catastrophic forgetting in neural networks},
  author={Ramasesh, Vinay Venkatesh and Lewkowycz, Aitor and Dyer, Ethan},
  booktitle={International Conference on Learning Representations},
  year={2022}
}

@article{gigante2019visualizing,
  title={Visualizing the phate of neural networks},
  author={Gigante, Scott and Charles, Adam S and Krishnaswamy, Smita and Mishne, Gal},
  journal={Advances in neural information processing systems},
  volume={32},
  year={2019}
}

@article{nguyen2020dissecting,
  title={Dissecting catastrophic forgetting in continual learning by deep visualization},
  author={Nguyen, Giang and Chen, Shuan and Do, Thao and Jun, Tae Joon and Choi, Ho-Jin and Kim, Daeyoung},
  journal={arXiv preprint arXiv:2001.01578},
  year={2020}
}

@article{goodfellow2013empirical,
  title={An empirical investigation of catastrophic forgetting in gradient-based neural networks},
  author={Goodfellow, Ian J and Mirza, Mehdi and Xiao, Da and Courville, Aaron and Bengio, Yoshua},
  journal={arXiv preprint arXiv:1312.6211},
  year={2013}
}


----------------------------------------------------------------------------------------------------
% Refs on Deep Learning
@article{lecun2015deep,
  title={Deep learning},
  author={LeCun, Yann and Bengio, Yoshua and Hinton, Geoffrey},
  journal={nature},
  volume={521},
  number={7553},
  pages={436--444},
  year={2015},
  publisher={Nature Publishing Group UK London}
}

@article{varadi2022alphafold,
  title={AlphaFold Protein Structure Database: massively expanding the structural coverage of protein-sequence space with high-accuracy models},
  author={Varadi, Mihaly and Anyango, Stephen and Deshpande, Mandar and Nair, Sreenath and Natassia, Cindy and Yordanova, Galabina and Yuan, David and Stroe, Oana and Wood, Gemma and Laydon, Agata and others},
  journal={Nucleic acids research},
  volume={50},
  number={D1},
  pages={D439--D444},
  year={2022},
  publisher={Oxford University Press}
}

@article{lecun1995convolutional,
  title={Convolutional networks for images, speech, and time series},
  author={LeCun, Yann and Bengio, Yoshua and others},
  journal={The handbook of brain theory and neural networks},
  volume={3361},
  number={10},
  pages={1995},
  year={1995},
  publisher={Citeseer}
}

@article{hubel1977ferrier,
  title={Ferrier lecture-Functional architecture of macaque monkey visual cortex},
  author={Hubel, David Hunter and Wiesel, Torsten Nils},
  journal={Proceedings of the Royal Society of London. Series B. Biological Sciences},
  volume={198},
  number={1130},
  pages={1--59},
  year={1977},
  publisher={The Royal Society London}
}

@article{rumelhart1986learning,
  title={Learning representations by back-propagating errors},
  author={Rumelhart, David E and Hinton, Geoffrey E and Williams, Ronald J},
  journal={nature},
  volume={323},
  number={6088},
  pages={533--536},
  year={1986},
  publisher={Nature Publishing Group UK London}
}

@inproceedings{ioffe2015batch,
  title={Batch normalization: Accelerating deep network training by reducing internal covariate shift},
  author={Ioffe, Sergey and Szegedy, Christian},
  booktitle={International conference on machine learning},
  pages={448--456},
  year={2015},
  organization={pmlr}
}

@article{srivastava2014dropout,
  title={Dropout: a simple way to prevent neural networks from overfitting},
  author={Srivastava, Nitish and Hinton, Geoffrey and Krizhevsky, Alex and Sutskever, Ilya and Salakhutdinov, Ruslan},
  journal={The journal of machine learning research},
  volume={15},
  number={1},
  pages={1929--1958},
  year={2014},
  publisher={JMLR. org}
}

@inproceedings{he2016deep,
  title={Deep residual learning for image recognition},
  author={He, Kaiming and Zhang, Xiangyu and Ren, Shaoqing and Sun, Jian},
  booktitle={Proceedings of the IEEE conference on computer vision and pattern recognition},
  pages={770--778},
  year={2016}
}

@article{kingma2014adam,
  title={Adam: A method for stochastic optimization},
  author={Kingma, Diederik P and Ba, Jimmy},
  journal={arXiv preprint arXiv:1412.6980},
  year={2014}
}

@inproceedings{nair2010rectified,
  title={Rectified linear units improve restricted boltzmann machines},
  author={Nair, Vinod and Hinton, Geoffrey E},
  booktitle={Proceedings of the 27th international conference on machine learning (ICML-10)},
  pages={807--814},
  year={2010}
}


% -----------------------------------------------------------------------------------------------
% Refs on Encoders
@article{bank2020autoencoders,
  title={Autoencoders},
  author={Bank, Dor and Koenigstein, Noam and Giryes, Raja},
  journal={arXiv preprint arXiv:2003.05991},
  year={2020}
}

@article{simonyan2014very,
  title={Very deep convolutional networks for large-scale image recognition},
  author={Simonyan, Karen and Zisserman, Andrew},
  journal={arXiv preprint arXiv:1409.1556},
  year={2014}
}

@article{hinton1993autoencoders,
  title={Autoencoders, minimum description length and Helmholtz free energy},
  author={Hinton, Geoffrey E and Zemel, Richard},
  journal={Advances in neural information processing systems},
  volume={6},
  year={1993}
}

@book{Goodfellow-et-al-2016,
    title={Deep Learning},
    author={Ian Goodfellow and Yoshua Bengio and Aaron Courville},
    publisher={MIT Press},
    note={\url{http://www.deeplearningbook.org}},
    year={2016}
}

@article{schmidhuber2015deep,
  title={Deep learning in neural networks: An overview},
  author={Schmidhuber, J{\"u}rgen},
  journal={Neural networks},
  volume={61},
  pages={85--117},
  year={2015},
  publisher={Elsevier}
}

@article{kingma2013auto,
  title={Auto-encoding variational bayes},
  author={Kingma, Diederik P and Welling, Max},
  journal={arXiv preprint arXiv:1312.6114},
  year={2013}
}

@article{bengio2013representation,
  title={Representation learning: A review and new perspectives},
  author={Bengio, Yoshua and Courville, Aaron and Vincent, Pascal},
  journal={IEEE transactions on pattern analysis and machine intelligence},
  volume={35},
  number={8},
  pages={1798--1828},
  year={2013},
  publisher={IEEE}
}


% -----------------------------------------------------------------------------------------------
% Refs on Machine Learning
@article{hotelling1933analysis,
  title={Analysis of a complex of statistical variables into principal components.},
  author={Hotelling, Harold},
  journal={Journal of educational psychology},
  volume={24},
  number={6},
  pages={417},
  year={1933},
  publisher={Warwick \& York}
}

@article{van2008visualizing,
  title={Visualizing data using t-SNE.},
  author={Van der Maaten, Laurens and Hinton, Geoffrey},
  journal={Journal of machine learning research},
  volume={9},
  number={11},
  year={2008}
}


% -----------------------------------------------------------------------------------------------
% Refs on Continual Learning
@article{de2021continual,
  title={A continual learning survey: Defying forgetting in classification tasks},
  author={De Lange, Matthias and Aljundi, Rahaf and Masana, Marc and Parisot, Sarah and Jia, Xu and Leonardis, Ale{\v{s}} and Slabaugh, Gregory and Tuytelaars, Tinne},
  journal={IEEE transactions on pattern analysis and machine intelligence},
  volume={44},
  number={7},
  pages={3366--3385},
  year={2021},
  publisher={IEEE}
}

@inproceedings{ostapenko2022continual,
  title={Continual Learning with Foundation Models: An Empirical Study of Latent Replay},
  author={Ostapenko, Oleksiy and Lesort, Timothee and Rodr{\'\i}guez, Pau and Arefin, Md Rifat and Douillard, Arthur and Rish, Irina and Charlin, Laurent},
  booktitle={Conference on Lifelong Learning Agents},
  pages={60--91},
  year={2022},
  organization={PMLR}
}

@article{shin2017replay,
  title={Continual learning with deep generative replay},
  author={Shin, Hanul and Lee, Jung Kwon and Kim, Jaehong and Kim, Jiwon},
  journal={Advances in neural information processing systems},
  volume={30},
  year={2017}
}

@article{rolnick2019replay,
  title={Experience replay for continual learning},
  author={Rolnick, David and Ahuja, Arun and Schwarz, Jonathan and Lillicrap, Timothy and Wayne, Gregory},
  journal={Advances in Neural Information Processing Systems},
  volume={32},
  year={2019}
}

@article{kirkpatrick2017reg,
  title={Overcoming catastrophic forgetting in neural networks},
  author={Kirkpatrick, James and Pascanu, Razvan and Rabinowitz, Neil and Veness, Joel and Desjardins, Guillaume and Rusu, Andrei A and Milan, Kieran and Quan, John and Ramalho, Tiago and Grabska-Barwinska, Agnieszka and others},
  journal={Proceedings of the national academy of sciences},
  volume={114},
  number={13},
  pages={3521--3526},
  year={2017},
  publisher={National Acad Sciences}
}

@inproceedings{zenke2017reg,
  title={Continual learning through synaptic intelligence},
  author={Zenke, Friedemann and Poole, Ben and Ganguli, Surya},
  booktitle={International conference on machine learning},
  pages={3987--3995},
  year={2017},
  organization={PMLR}
}

@inproceedings{serra2018paramiso,
  title={Overcoming catastrophic forgetting with hard attention to the task},
  author={Serra, Joan and Suris, Didac and Miron, Marius and Karatzoglou, Alexandros},
  booktitle={International Conference on Machine Learning},
  pages={4548--4557},
  year={2018},
  organization={PMLR}
}

@inproceedings{mallya2018paramiso,
  title={Packnet: Adding multiple tasks to a single network by iterative pruning},
  author={Mallya, Arun and Lazebnik, Svetlana},
  booktitle={Proceedings of the IEEE conference on Computer Vision and Pattern Recognition},
  pages={7765--7773},
  year={2018}
}

@article{parisi2019continual,
  title={Continual lifelong learning with neural networks: A review},
  author={Parisi, German I and Kemker, Ronald and Part, Jose L and Kanan, Christopher and Wermter, Stefan},
  journal={Neural networks},
  volume={113},
  pages={54--71},
  year={2019},
  publisher={Elsevier}
}

@article{rusu2016progressive,
  title={Progressive neural networks},
  author={Rusu, Andrei A and Rabinowitz, Neil C and Desjardins, Guillaume and Soyer, Hubert and Kirkpatrick, James and Kavukcuoglu, Koray and Pascanu, Razvan and Hadsell, Raia},
  journal={arXiv preprint arXiv:1606.04671},
  year={2016}
}


@article{shanahan2021encoders,
  title={Encoders and ensembles for task-free continual learning},
  author={Shanahan, Murray and Kaplanis, Christos and Mitrovi{\'c}, Jovana},
  journal={arXiv preprint arXiv:2105.13327},
  year={2021}
}


% -----------------------------------------------------------------------------------------------
% Related areas 

@article{gama2012survey,
  title={A survey on learning from data streams: current and future trends},
  author={Gama, Joao},
  journal={Progress in Artificial Intelligence},
  volume={1},
  pages={45--55},
  year={2012},
  publisher={Springer}
}

@article{rabanser2019failing,
  title={Failing loudly: An empirical study of methods for detecting dataset shift},
  author={Rabanser, Stephan and G{\"u}nnemann, Stephan and Lipton, Zachary},
  journal={Advances in Neural Information Processing Systems},
  volume={32},
  year={2019}
}

@article{jain2014review,
  title={A review of online learning in supervised neural networks},
  author={Jain, Lakhmi C and Seera, Manjeevan and Lim, Chee Peng and Balasubramaniam, Pagavathigounder},
  journal={Neural computing and applications},
  volume={25},
  pages={491--509},
  year={2014},
  publisher={Springer}
}

@article{lesort2020continual,
  title={Continual learning for robotics: Definition, framework, learning strategies, opportunities and challenges},
  author={Lesort, Timoth{\'e}e and Lomonaco, Vincenzo and Stoian, Andrei and Maltoni, Davide and Filliat, David and D{\'\i}az-Rodr{\'\i}guez, Natalia},
  journal={Information fusion},
  volume={58},
  pages={52--68},
  year={2020},
  publisher={Elsevier}
}

% -----------------------------------------------------------------------------------------------
% Datastets
@article{deng2012mnist,
  title={The mnist database of handwritten digit images for machine learning research [best of the web]},
  author={Deng, Li},
  journal={IEEE signal processing magazine},
  volume={29},
  number={6},
  pages={141--142},
  year={2012},
  publisher={IEEE}
}

@article{krizhevsky2009learning,
  title={Learning multiple layers of features from tiny images},
  author={Krizhevsky, Alex and Hinton, Geoffrey and others},
  year={2009},
  publisher={Toronto, ON, Canada}
}

@inproceedings{deng2009imagenet,
  title={Imagenet: A large-scale hierarchical image database},
  author={Deng, Jia and Dong, Wei and Socher, Richard and Li, Li-Jia and Li, Kai and Fei-Fei, Li},
  booktitle={2009 IEEE conference on computer vision and pattern recognition},
  pages={248--255},
  year={2009},
  organization={Ieee}
}
